<record><leader>00000cas a22000007a 4500</leader><controlfield tag="001">15273213</controlfield><controlfield tag="008">870305d1896195umsuwr ne      0    0eng d</controlfield><datafield ind1=" " ind2=" " tag="010"><subfield code="a">sn 87065209 </subfield></datafield><datafield ind1=" " ind2=" " tag="040"><subfield code="a">MJA</subfield><subfield code="b">eng</subfield><subfield code="c">MJA</subfield><subfield code="d">MSJ</subfield><subfield code="d">NYS</subfield><subfield code="d">OCLCQ</subfield><subfield code="d">OCLCF</subfield><subfield code="d">OCLCO</subfield></datafield><datafield ind1="1" ind2=" " tag="029"><subfield code="a">AU@</subfield><subfield code="b">000025787738</subfield></datafield><datafield ind1=" " ind2=" " tag="042"><subfield code="a">msc</subfield></datafield><datafield ind1=" " ind2=" " tag="043"><subfield code="a">n-us-ms</subfield></datafield><datafield ind1="0" ind2="4" tag="245"><subfield code="a">The Indianola enterprise.</subfield></datafield><datafield ind1=" " ind2=" " tag="260"><subfield code="a">Indianola, Miss. :</subfield><subfield code="b">W.E. Chapman</subfield></datafield><datafield ind1=" " ind2=" " tag="300"><subfield code="a">v.</subfield></datafield><datafield ind1=" " ind2=" " tag="310"><subfield code="a">Weekly</subfield></datafield><datafield ind1="1" ind2=" " tag="362"><subfield code="a">Began in 1896.</subfield></datafield><datafield ind1=" " ind2=" " tag="588"><subfield code="a">Description based on: Vol. 6, no. 38 (July 4, 1902).</subfield></datafield><datafield ind1=" " ind2="0" tag="651"><subfield code="a">Indianola (Miss.)</subfield><subfield code="v">Newspapers.</subfield></datafield><datafield ind1=" " ind2="7" tag="655"><subfield code="a">Newspapers.</subfield><subfield code="2">fast</subfield><subfield code="0">(OCoLC)fst01423814</subfield></datafield><datafield ind1=" " ind2="7" tag="651"><subfield code="a">Mississippi</subfield><subfield code="z">Indianola.</subfield><subfield code="2">fast</subfield><subfield code="0">(OCoLC)fst01226265</subfield></datafield><datafield ind1=" " ind2=" " tag="752"><subfield code="a">United States</subfield><subfield code="b">Mississippi</subfield><subfield code="c">Sunflower</subfield><subfield code="d">Indianola.</subfield></datafield><datafield ind1="0" ind2="7" tag="785"><subfield code="t">Sunflower tocsin</subfield><subfield code="w">(DLC)sn 87065210</subfield></datafield><datafield ind1="0" ind2="7" tag="785"><subfield code="t">Enterprise-tocsin</subfield><subfield code="w">(DLC)sn 87065208</subfield><subfield code="w">(OCoLC)15273213</subfield></datafield></record>